<record><leader>00000cas a22000007a 4500</leader><controlfield tag="001">11341884</controlfield><controlfield tag="008">841102d18731874ksuwr ne      0    0eng d</controlfield><datafield ind1=" " ind2=" " tag="010"><subfield code="a">sn 84027600 </subfield></datafield><datafield ind1=" " ind2=" " tag="040"><subfield code="a">NPU</subfield><subfield code="b">eng</subfield><subfield code="c">NPU</subfield><subfield code="d">OCL</subfield><subfield code="d">NPT</subfield><subfield code="d">OCLCQ</subfield></datafield><datafield ind1=" " ind2=" " tag="042"><subfield code="a">msc</subfield></datafield><datafield ind1="0" ind2="0" tag="245"><subfield code="a">Belle Plaine democrat.</subfield></datafield><datafield ind1=" " ind2=" " tag="260"><subfield code="a">Belle Plaine, Kan. :</subfield><subfield code="b">E.F. Widner,</subfield><subfield code="c">1873-1874.</subfield></datafield><datafield ind1=" " ind2=" " tag="300"><subfield code="a">2 v. ;</subfield><subfield code="c">60 cm.</subfield></datafield><datafield ind1=" " ind2=" " tag="310"><subfield code="a">Weekly</subfield></datafield><datafield ind1="0" ind2=" " tag="362"><subfield code="a">Vol. 1, no. 1 (Feb. 21, 1873)-v. 2, no. 31 (Sept. 18, 1874).</subfield></datafield><datafield ind1=" " ind2=" " tag="500"><subfield code="a">Published by Widner &amp; Peddecord, May 23-June 27, 1873; T.B. Peddecord, July 4, 1873-Sept. 18, 1874.</subfield></datafield><datafield ind1=" " ind2=" " tag="500"><subfield code="a">Published every Friday.</subfield></datafield><datafield ind1=" " ind2=" " tag="752"><subfield code="a">United States</subfield><subfield code="b">Kansas</subfield><subfield code="c">Sumner</subfield><subfield code="d">Belle Plaine.</subfield></datafield></record>